<record><leader>00000cas a22000007a 4500</leader><controlfield tag="001">423076855</controlfield><controlfield tag="008">090708d19151923txuwn ne      0    0eng d</controlfield><datafield ind1=" " ind2=" " tag="010"><subfield code="a">  2009271548</subfield></datafield><datafield ind1=" " ind2=" " tag="040"><subfield code="a">HPU</subfield><subfield code="b">eng</subfield><subfield code="c">HPU</subfield><subfield code="d">HPU</subfield><subfield code="d">DLC</subfield><subfield code="d">OCLCQ</subfield><subfield code="d">OCLCF</subfield></datafield><datafield ind1=" " ind2=" " tag="042"><subfield code="a">msc</subfield></datafield><datafield ind1=" " ind2=" " tag="043"><subfield code="a">n-us-tx</subfield></datafield><datafield ind1=" " ind2=" " tag="090"><subfield code="a">LH1.H815</subfield><subfield code="b">P7475</subfield></datafield><datafield ind1="0" ind2=" " tag="130"><subfield code="a">Prism (Brownwood, Tex.)</subfield></datafield><datafield ind1="1" ind2="4" tag="245"><subfield code="a">The prism.</subfield></datafield><datafield ind1=" " ind2=" " tag="260"><subfield code="a">[Brownwood, Tex.] :</subfield><subfield code="b">Howard Payne College,</subfield><subfield code="c">1915-[1923]</subfield></datafield><datafield ind1=" " ind2=" " tag="300"><subfield code="a">8 v. :</subfield><subfield code="b">ill. ;</subfield><subfield code="c">58 cm.</subfield></datafield><datafield ind1=" " ind2=" " tag="310"><subfield code="a">Weekly</subfield></datafield><datafield ind1="1" ind2=" " tag="362"><subfield code="a">Began with vol. 1, no. 1 (Sept. 30, 1915); ceased in 1923.</subfield></datafield><datafield ind1=" " ind2=" " tag="500"><subfield code="a">The Prism began publication in September 1915 as a weekly newspaper, supplanting an earlier campus newsletter "The Monthly". It continued until 1923, when it was replaced by "The Yellow Jacket."</subfield></datafield><datafield ind1=" " ind2=" " tag="500"><subfield code="a">Issues are scattered with missing issues throughout. The most complete run is 1915, with 28 issues.</subfield></datafield><datafield ind1=" " ind2=" " tag="500"><subfield code="a">The Prism was published by student editors and staff, usually with a faculty sponsor. Early student editors were C.E. Lancaster, Ruth McCauley, Osie Maedgen, Harley Smith, Wilber Duke, Walter Higginbotham, W.R. White, Elmer Watson, Willard Taylor, and Carrie Camp.</subfield></datafield><datafield ind1=" " ind2=" " tag="515"><subfield code="a">Weekly newspaper during fall and spring semesters, with date gaps for holidays and summers.</subfield></datafield><datafield ind1=" " ind2=" " tag="515"><subfield code="a">The second issue, Oct. 7, 1915, skips to Vol. 15, no.10, perhaps continuing the numbering sequence from the earlier campus newsletter, "The Howard Payne Monthly."</subfield></datafield><datafield ind1=" " ind2=" " tag="588"><subfield code="a">Description based on: Vol. 1, no. 1 (Sept. 30, 1915).</subfield></datafield><datafield ind1=" " ind2=" " tag="588"><subfield code="a">Latest issue consulted: Jan. 23, 1923.</subfield></datafield><datafield ind1="2" ind2="0" tag="610"><subfield code="a">Howard Payne College (Brownwood, Tex.)</subfield><subfield code="v">Newspapers.</subfield></datafield><datafield ind1="2" ind2="0" tag="610"><subfield code="a">Howard Payne College (Brownwood, Tex.)</subfield><subfield code="x">History.</subfield></datafield><datafield ind1=" " ind2="0" tag="650"><subfield code="a">Student publications</subfield><subfield code="z">Texas</subfield><subfield code="z">Brownwood.</subfield></datafield><datafield ind1=" " ind2="0" tag="650"><subfield code="a">Student publications</subfield><subfield code="z">Texas</subfield><subfield code="y">20th century.</subfield></datafield><datafield ind1=" " ind2="0" tag="651"><subfield code="a">Brownwood (Tex.)</subfield><subfield code="v">Newspapers.</subfield></datafield><datafield ind1=" " ind2="7" tag="655"><subfield code="a">History.</subfield><subfield code="2">fast</subfield><subfield code="0">(OCoLC)fst01411628</subfield></datafield><datafield ind1=" " ind2="7" tag="655"><subfield code="a">Newspapers.</subfield><subfield code="2">fast</subfield><subfield code="0">(OCoLC)fst01423814</subfield></datafield><datafield ind1="2" ind2="7" tag="610"><subfield code="a">Howard Payne College (Brownwood, Tex.)</subfield><subfield code="2">fast</subfield><subfield code="0">(OCoLC)fst00580821</subfield></datafield><datafield ind1=" " ind2="7" tag="648"><subfield code="a">1900 - 1999</subfield><subfield code="2">fast</subfield></datafield><datafield ind1=" " ind2="7" tag="650"><subfield code="a">Student publications.</subfield><subfield code="2">fast</subfield><subfield code="0">(OCoLC)fst01135976</subfield></datafield><datafield ind1=" " ind2="7" tag="651"><subfield code="a">Texas.</subfield><subfield code="2">fast</subfield><subfield code="0">(OCoLC)fst01210336</subfield></datafield><datafield ind1=" " ind2="7" tag="651"><subfield code="a">Texas</subfield><subfield code="z">Brownwood.</subfield><subfield code="2">fast</subfield><subfield code="0">(OCoLC)fst01216304</subfield></datafield><datafield ind1="2" ind2=" " tag="710"><subfield code="a">Howard Payne College (Brownwood, Tex.)</subfield></datafield><datafield ind1=" " ind2=" " tag="752"><subfield code="a">United States</subfield><subfield code="b">Texas</subfield><subfield code="c">Brown</subfield><subfield code="d">Brownwood.</subfield></datafield><datafield ind1="0" ind2="0" tag="780"><subfield code="a">Howard Payne monthly</subfield><subfield code="w">(OCoLC)52253595</subfield></datafield><datafield ind1="0" ind2="0" tag="785"><subfield code="a">Yellow jacket (Brownwood, Tex.)</subfield><subfield code="w">(DLC)  2009271547</subfield><subfield code="w">(OCoLC)423047028</subfield></datafield></record>